@article{kosmrlj2020,
   author = {Andrej (Princeton) Ko≈°mrlj},
   journal = {Physics of Life Online Summer School},
   title = {Seminar 3: Multicellular Structure Formation in 3D, lecture notes},
   year = {2020},
}